@misc{tasklet,
	title="Modernizing the tasklet API? [Электронный ресурс]",
	howpublished="Режим доступа: \url{https://lwn.net/Articles/830964/} (дата обращения: 04.02.2023)"
}

@misc{workqueuec,
	title="workqueue.c Linux source code[Электронный ресурс]",
	howpublished="Режим доступа: \url{https://elixir.bootlin.com/linux/v5.15/source/kernel/workqueue.c#L256} (дата обращения: 11.02.2023)"
}

@misc{workqueueh,
	title="workqueue.h Linux source code [Электронный ресурс]",
	howpublished="Режим доступа: \url{https://elixir.bootlin.com/linux/v5.15/source/include/linux/workqueue.h#L97} (дата обращения: 11.02.2023)"
}

@misc{makefile,
	title="Makefile [Электронный ресурс]",
	howpublished="Режим доступа: \url{https://www.gnu.org/software/make/manual/make.html} (дата обращения: 11.02.2023)"
}

@misc{alsa,
	title="ALSA [Электронный ресурс]",
	howpublished="Режим доступа: \url{https://www.alsa-project.org/wiki/Main_Page} (дата обращения: 11.02.2023)"
}

@misc{oss,
	title="Open Sound System [Электронный ресурс]",
	howpublished="Режим доступа: \url{http://www.opensound.com/oss.html} (дата обращения: 11.02.2023)"
}

@misc{jack,
	title="JACK [Электронный ресурс]",
	howpublished="Режим доступа: \url{https://jackaudio.org/} (дата обращения: 11.02.2023)"
}

@misc{vscode,
	title="VS Code [Электронный ресурс]",
	howpublished="Режим доступа: \url{https://code.visualstudio.com/} (дата обращения: 11.02.2023)"
}





